<record><leader>00000cas a2200000 a 4500</leader><controlfield tag="001">11718715</controlfield><controlfield tag="008">850221d1851187uwiuwr ne      0    0eng c</controlfield><datafield ind1=" " ind2=" " tag="010"><subfield code="a">sn 85033182 </subfield></datafield><datafield ind1=" " ind2=" " tag="040"><subfield code="a">NPU</subfield><subfield code="b">eng</subfield><subfield code="c">NPU</subfield><subfield code="d">NPA</subfield><subfield code="d">NPV</subfield><subfield code="d">DLC</subfield><subfield code="d">NVF</subfield><subfield code="d">CRL</subfield><subfield code="d">CVF</subfield><subfield code="d">CUI</subfield><subfield code="d">OCLCQ</subfield><subfield code="d">OCLCF</subfield></datafield><datafield ind1="1" ind2=" " tag="029"><subfield code="a">AU@</subfield><subfield code="b">000025835197</subfield></datafield><datafield ind1=" " ind2=" " tag="042"><subfield code="a">pcc</subfield></datafield><datafield ind1=" " ind2=" " tag="043"><subfield code="a">n-us-wi</subfield></datafield><datafield ind1="0" ind2="0" tag="050"><subfield code="a">Newspaper 10216-X</subfield></datafield><datafield ind1=" " ind2="4" tag="050"><subfield code="a">AN</subfield></datafield><datafield ind1="0" ind2=" " tag="130"><subfield code="a">Milwaukee weekly sentinel (Milwaukee, Wis. : 1851)</subfield></datafield><datafield ind1="1" ind2="0" tag="245"><subfield code="a">Milwaukee weekly sentinel.</subfield></datafield><datafield ind1="3" ind2="0" tag="246"><subfield code="a">Milwaukee sentinel</subfield></datafield><datafield ind1="1" ind2="3" tag="246"><subfield code="a">Weekly sentinel</subfield></datafield><datafield ind1=" " ind2=" " tag="260"><subfield code="a">Milwaukee, Wis. :</subfield><subfield code="b">R. King &amp; Wm. H. Watson</subfield></datafield><datafield ind1=" " ind2=" " tag="300"><subfield code="a">v.</subfield></datafield><datafield ind1=" " ind2=" " tag="310"><subfield code="a">Weekly</subfield></datafield><datafield ind1="1" ind2=" " tag="362"><subfield code="a">Began in 1851.</subfield></datafield><datafield ind1=" " ind2=" " tag="500"><subfield code="a">The word "Weekly" appears above the logo.</subfield></datafield><datafield ind1=" " ind2=" " tag="530"><subfield code="a">Also issued on microfilm from the State Historical Society of Wisconsin.</subfield></datafield><datafield ind1=" " ind2=" " tag="580"><subfield code="a">Daily eds.: Milwaukee daily sentinel, (Milwaukee, Wis. : 1851), &lt;1857&gt;-1861, and: Milwaukee morning sentinel, 1861-1862, and: Milwaukee evening sentinel, &lt;1861-1862&gt;, and: Milwaukee daily sentinel (Milwaukee, Wis. : 1862), 1862-1870, and: Milwaukee sentinel (Milwaukee, Wis. : 1870), 1870-&lt;1872&gt;.</subfield></datafield><datafield ind1=" " ind2=" " tag="580"><subfield code="a">Other ed.: Milwaukee tri-weekly sentinel, &lt;1857-1872&gt;.</subfield></datafield><datafield ind1=" " ind2=" " tag="588"><subfield code="a">Description based on: Vol. 19, no. 9 (Mar. 4, 1857) = Whole no 945.</subfield></datafield><datafield ind1=" " ind2="0" tag="651"><subfield code="a">Milwaukee (Wis.)</subfield><subfield code="v">Newspapers.</subfield></datafield><datafield ind1=" " ind2="0" tag="651"><subfield code="a">Milwaukee County (Wis.)</subfield><subfield code="v">Newspapers.</subfield></datafield><datafield ind1=" " ind2="7" tag="655"><subfield code="a">Newspapers.</subfield><subfield code="2">fast</subfield><subfield code="0">(OCoLC)fst01423814</subfield></datafield><datafield ind1=" " ind2="7" tag="651"><subfield code="a">Wisconsin</subfield><subfield code="z">Milwaukee.</subfield><subfield code="2">fast</subfield><subfield code="0">(OCoLC)fst01206626</subfield></datafield><datafield ind1=" " ind2="7" tag="651"><subfield code="a">Wisconsin</subfield><subfield code="z">Milwaukee County.</subfield><subfield code="2">fast</subfield><subfield code="0">(OCoLC)fst01202910</subfield></datafield><datafield ind1=" " ind2=" " tag="752"><subfield code="a">United States</subfield><subfield code="b">Wisconsin</subfield><subfield code="c">Milwaukee</subfield><subfield code="d">Milwaukee.</subfield></datafield><datafield ind1=" " ind2=" " tag="752"><subfield code="a">United States</subfield><subfield code="b">Wisconsin</subfield><subfield code="c">Washington</subfield><subfield code="d">Milwaukee.</subfield></datafield><datafield ind1="1" ind2=" " tag="775"><subfield code="t">Milwaukee tri-weekly sentinel</subfield><subfield code="w">(DLC)sn 86077057</subfield><subfield code="w">(OCoLC)13919304</subfield></datafield><datafield ind1="1" ind2=" " tag="775"><subfield code="t">Milwaukee daily sentinel (Milwaukee, Wis. : 1851)</subfield><subfield code="w">(DLC)sn 86086592</subfield><subfield code="w">(OCoLC)14643559</subfield></datafield><datafield ind1="1" ind2=" " tag="775"><subfield code="t">Milwaukee morning sentinel</subfield><subfield code="w">(DLC)sn 86086593</subfield><subfield code="w">(OCoLC)14643897</subfield></datafield><datafield ind1="1" ind2=" " tag="775"><subfield code="t">Milwaukee evening sentinel</subfield><subfield code="w">(DLC)sn 86086594</subfield><subfield code="w">(OCoLC)14644397</subfield></datafield><datafield ind1="1" ind2=" " tag="775"><subfield code="t">Milwaukee daily sentinel (Milwaukee, Wis. : 1862)</subfield><subfield code="w">(DLC)sn 85033194</subfield><subfield code="w">(OCoLC)11236752</subfield></datafield><datafield ind1="1" ind2=" " tag="775"><subfield code="t">Milwaukee sentinel (Milwaukee, Wis. : 1870)</subfield><subfield code="w">(DLC)sn 86086596</subfield><subfield code="w">(OCoLC)14644641</subfield></datafield></record>